@book{Picard97,
 author = {Picard, Rosalind W.},
 title = {Affective Computing},
 year = {1997},
 isbn = {0-262-16170-2},
 publisher = {MIT Press},
 address = {Cambridge, MA, USA},
}

@article{plutchik1982psychoevolutionary,
  title={A psychoevolutionary theory of emotions},
  author={Plutchik, Robert},
  journal={Social Science Information},
  volume={21},
  number={4-5},
  pages={529-553},
  year={1982},
  publisher={Sage Publications}
}

@book{izard1991psychology,
  title={The Psychology of Emotions},
  author={Izard, Carroll E},
  year={1991},
  publisher={Springer}
}

@book{jolliffe2002principal,
  title={Principal Component Analysis},
  author={Jolliffe, Ian T},
  year={2002},
  publisher={Springer Verlag}
}

@inproceedings{Mahal1936,
    author = {Mahalanobis, P. C.},
    title = {On the generalised distance in statistics},
    booktitle = {Proceedings National Institute of Science, India},
    month = {April},
    pages = {49-55},
    volume = {2},
    year = {1936}
}

@article{huang97,
  title={Facial expression recognition using model-based feature extraction and action parameters classification},
  author={Huang, Chung-Lin and Huang, Yu-Ming},
  journal={Journal of Visual Communication and Image Representation},
  volume={8},
  number={3},
  pages={278-290},
  year={1997},
  publisher={Elsevier}
}

@article{cootes1995combining,
  title={Combining point distribution models with shape models based on finite element analysis},
  author={Cootes, Timothy F and Taylor, Christopher J},
  journal={Image and Vision Computing},
  volume={13},
  number={5},
  pages={403-409},
  year={1995},
  publisher={Elsevier}
}

@incollection{cootes1992training,
  title={Training models of shape from sets of examples},
  author={Cootes, Timothy F and Taylor, Christopher J and Cooper, David H and Graham, Jim},
  booktitle={BMVC92},
  pages={9-18},
  year={1992},
  publisher={Springer}
}

@incollection{cootes1998active,
  title={Active appearance models},
  author={Cootes, Timothy F and Edwards, Gareth J and Taylor, Christopher J},
  booktitle={Computer Vision-ECCV},
  pages={484-498},
  year={1998},
  publisher={Springer}
}

@Book{Marsland09,
author = {Stephen Marsland},
title = {Machine Learning: An Algorithmic Perspective},
publisher = {Chapman and Hall CRC},
year = {2009}
}

@inproceedings{hong98,
  title={Online facial expression recognition based on personalized galleries},
  author={Hai Hong and Hartmut Neven and Christoph Von der Malsburg},
  booktitle={Third {IEEE} International Conference on Automatic Face and Gesture Recognition},
  pages={354-359},
  year={1998},
  organization={IEEE}
}

@book{wiskott95,
  title={Labeled Graphs and Dynamic Link Matching for Face Recognition and Scene Analysis},
  author={Laurenz Wiskott},
  year={1995},
  publisher={Deutsch}
}

@inproceedings{bartlett04,
  title={Machine learning methods for fully automatic recognition of facial expressions and facial actions},
  author={Bartlett, Marian Stewart and Littlewort, Gwen and Lainscsek, Claudia and Fasel, Ian and Movellan, Javier},
  booktitle={IEEE International Conference on Systems, Man and Cybernetics},
  volume={1},
  pages={592-597},
  year={2004},
  organization={IEEE}
}

@article{movellan02tutorial,
  title={Tutorial on gabor filters},
  author={Movellan, Javier R},
  journal={Open Source Document},
  year={2002}
}

@inproceedings{martins2009identity,
  title={Identity and expression recognition on low dimensional manifolds},
  author={Martins, Pedro and Batista, Jorge},
  booktitle={IEEE International Conference on Image Processing},
  pages={3341-3344},
  year={2009},
  organization={IEEE}
}

@article{belkin2001laplacian,
  title={Laplacian eigenmaps and spectral techniques for embedding and clustering},
  author={Belkin, Mikhail and Niyogi, Partha},
  journal={Advances in neural information processing systems},
  volume={14},
  pages={585-591},
  year={2001}
}

@article{chang2006manifold,
  title={Manifold based analysis of facial expression},
  author={Chang, Ya and Hu, Changbo and Feris, Rogerio and Turk, Matthew},
  journal={Image and Vision Computing},
  volume={24},
  number={6},
  pages={605-614},
  year={2006},
  publisher={Elsevier}
}

@incollection{bansal2013novel,
  title={A Novel {LDA} and {HMM}-Based Technique for Emotion Recognition from Facial Expressions},
  author={Bansal, Akhil and Chaudhary, Santanu and Roy, Sumantra Dutta},
  booktitle={Multimodal Pattern Recognition of Social Signals in Human-Computer-Interaction},
  pages={19-26},
  year={2013},
  publisher={Springer}
}

@article{blei2003latent,
  title={{L}atent dirichlet allocation},
  author={Blei, David M and Ng, Andrew Y and Jordan, Michael I},
  journal={Machine Learning Research},
  volume={3},
  pages={993-1022},
  year={2003},
  publisher={JMLR. org}
}

@inproceedings{sontag2011complexity,
  title={Complexity of inference in latent dirichlet allocation},
  author={Sontag, David and Roy, Dan},
  booktitle={Advances in Neural Information Processing Systems},
  pages={1008-1016},
  year={2011}
}

@inproceedings{costantini2005recognising,
  title={Recognising emotions in human and synthetic faces: {T}he role of the upper and lower parts of the face},
  author={Costantini, Erica and Pianesi, Fabio and Prete, Michela},
  booktitle={Proceedings of the 10th International Conference on Intelligent User Interfaces},
  pages={20-27},
  year={2005},
  organization={ACM}
}

@article{bassili1979emotion,
  title={Emotion recognition: {T}he role of facial movement and the relative importance of upper and lower areas of the face.},
  author={Bassili, John N},
  journal={Journal of Personality and Social Psychology},
  volume={37},
  number={11},
  pages={2049-2058},
  year={1979}
}

@article{ekman1976measuring,
  title={Measuring facial movement},
  author={Ekman, Paul and Friesen, Wallace V},
  journal={Environmental Psychology and Nonverbal Behavior},
  volume={1},
  number={1},
  pages={56-75},
  year={1976},
  publisher={Springer}
}

@Book{Ekman78,
author = {P. Ekman and W. V. Friesen},
title = {Facial Action Coding System: A Technique for the Measurement of Facial Actions},
publisher = {Palo Alto: CA: Consulting Psychologists Press},
year = {1978}
}

@Article{Littlewort09,
author = {Gwen C. Littlewort and Marian Stewart Bartlett and Kang Lee},
title = {Automatic Coding of Facial Expressions Displayed during Posed and Genuine Pain},
journal = {Journal of Image and Vision Computing},
year = {2009},
volume = {27},
number = {12},
pages = {1741-1844}
}

@article{heller1997depression,
  title={Depression and suicide faces},
  author={Heller, Michael and Haynal, V{\'e}ronique},
  journal={What the Face Reveals},
  pages={398-407},
  year={1997}
}

@book{ekman2009telling,
  title={Telling Lies: {C}lues to Deceit in the Marketplace, Politics, and Marriage},
  author={Ekman, Paul},
  year={2009},
  publisher={WW Norton \& Company}
}

@article{donato1999classifying,
  title={Classifying facial actions},
  author={Donato, Gianluca and Bartlett, Marian Stewart and Hager, Joseph C. and Ekman, Paul and Sejnowski, Terrence J.},
  journal={IEEE Transactions on Pattern Analysis and Machine Intelligence},
  volume={21},
  number={10},
  pages={974-989},
  year={1999},
  publisher={IEEE}
}


@article{cohn1999automated,
  title={Automated face analysis by feature point tracking has high concurrent validity with manual {FACS} coding},
  author={Cohn, Jeffrey F and Zlochower, Adena J and Lien, James and Kanade, Takeo},
  journal={Psychophysiology},
  volume={36},
  number={1},
  pages={35-43},
  year={1999},
  publisher={Wiley Online Library}
}

@article{tian2001recognizing,
  title={Recognizing action units for facial expression analysis},
  author={Tian, Y-I and Kanade, Takeo and Cohn, Jeffrey F},
  journal={IEEE Transactions on Pattern Analysis and Machine Intelligence},
  volume={23},
  number={2},
  pages={97-115},
  year={2001},
  publisher={IEEE}
}

@inproceedings{braathen2002approach,
  title={An approach to automatic recognition of spontaneous facial actions},
  author={Braathen, Bjorn and Bartlett, Marian Stewart and Littlewort, Gwen and Smith, Evan and Movellan, Javier R},
  booktitle={Proceedings Fifth IEEE International Conference on Automatic Face and Gesture Recognition},
  pages={360-365},
  year={2002},
  organization={IEEE}
}

@inproceedings{Mahoor09,
author = {M. H. Mahoor and S. Cadavid and D. S.Messinger and J. F. Cohn},
title = {A Framework for Automated Measurement of the Intensity of Non-Posed Facial Action Units},
booktitle = {IEEE Computer Society Conference on Computer Vision and Pattern Recognition Workshops},
year = {2009},
volume = {1 \& 2},
pages = {833-839}
}

@Book{Pandzic02,
author = {I. Pandzic and R. Forchheimer},
title = {{MPEG}-4 Facial Animation - {T}he standard, Implementations and Applications},
publisher = {John Wiley and Sons},
year = {2002}
}

@inproceedings{Pantic00,
author = {M. Pantic and L. J. M. Rothkrantz},
title = {An expert system for recognition of facial actions and their Intensity},
booktitle = {Seventeenth National Conference on Artificial Intelligence (AAAI-2001) / Twelfth Innovative Applications of Artificial Intelligence Conference},
year = {2000},
pages  = {1026-1033}
}

@inproceedings{zhou2006facial,
  title={Facial expression recognition based on selective feature extraction},
  author={Zhou, Gengtao and Zhan, Yongzhao and Zhang, Jianming},
  booktitle={Sixth International Conference on Intelligent Systems Design and Applications},
  volume={2},
  pages={412-417},
  year={2006},
  organization={IEEE}
}

@Article{Busso08,
author = {C. Busso and M. Bulut and C. Lee and A. Kazemzadeh and E. Mower and S. Kim and J. N. Chang and S. Lee and  S. S. Narayanan},
title = {{IEMOCAP}: {I}nteractive emotional dyadic motion capture database},
journal = {Journal of Language Resources and Evaluation},
year = {2008},
volume = {4},
number = {42},
pages = {335-359}
}

@inproceedings{Kipp2001Anvil,
  title={{ANVIL} - {A} generic annotation tool for multimodal dialogue},
  author={M. Kipp},
  booktitle={Proceedings of the 7th European Conference on Speech Communication and Technology (Eurospeech)},
  pages={1367-1370},
  year={2001}
}

@article{ortony1990s,
  title={What's basic about basic emotions},
  author={Ortony, Andrew and Turner, Terence J},
  journal={Psychological Review},
  volume={97},
  number={3},
  pages={315-331},
  year={1990}
}

@article{ekman1999basic,
  title={Basic emotions},
  author={Ekman, Paul},
  journal={Handbook of cognition and emotion},
  volume={4},
  pages={5-60},
  year={1999}
}

@article{cootes1995active,
  title={Active shape models - their training and application},
  author={Cootes, Timothy F and Taylor, Christopher J and Cooper, David H and Graham, Jim},
  journal={Computer Vision and Image Understanding},
  volume={61},
  number={1},
  pages={38-59},
  year={1995},
  publisher={Elsevier}
}

@article{kass1988snakes,
  title={Snakes: {A}ctive contour models},
  author={Kass, Michael and Witkin, Andrew and Terzopoulos, Demetri},
  journal={International Journal of Computer Vision},
  volume={1},
  number={4},
  pages={321-331},
  year={1988},
  publisher={Springer}
}

@article{miranda2008new,
  title={New routes from minimal approximation error to principal components},
  author={Miranda, Abhilash Alexander and Le Borgne, Yann-A{\"e}l and Bontempi, Gianluca},
  journal={Neural Processing Letters},
  volume={27},
  number={3},
  pages={197-207},
  year={2008},
  publisher={Springer}
}

@inproceedings{Sebe06,
author = {N. Sebe and I. Cohen and T. Gevers and T.S. Huang},
title = {Emotion Recognition Based on Joint Visual and Audio Cues},
booktitle = {International Conference on Pattern Recognition},
year = {2006},
pages  = {1136-1139}
}

@Article{Bassili79,
author = {J. N. Bassili},
title = {Emotion recognition: {T}he role of facial movement and the relative importance of upper and lower areas of the face},
journal = {Journal of Personality and Social Psychology},
year = {1979},
volume = {37},
pages = {2049-2058}
}

@Book{Ekman75,
author = {P. Ekman and W. V. Friesen},
title = {Unmasking the Face},
publisher = {Englewood Cliffs, N. J. : Prentice-Hall},
year = {1975}
}

@Article{Ioannou05,
author = {Spiros V. Ioannou and Amaryllis T. Raouzaiou and Vasilis A. Tzouvaras and Theofilos P. Mailis and Kostas C. Karpouzis and Stefanos D. Kollias},
title = {Emotion recognition through facial expression analysis based on a neurofuzzy network},
journal = {Journal of Neural Networks},
year = {2005},
volume = {18},
pages = {423-435}
}

@inproceedings{Michel03,
author = {P. Michel and R. Kaliouby},
title = {Real Time Facial Expression Recognition in Video using Support Vector Machines},
booktitle = {IEEE International Conference on Multimodal Interfaces (ICMI)},
year = {2003},
pages  = {258-264}
}

@article{raouzaiou2002parameterized,
  title={Parameterized facial expression synthesis based on {MPEG-4}},
  author={Raouzaiou, Amaryllis and Tsapatsoulis, Nicolas and Karpouzis, Kostas and Kollias, Stefanos},
  journal={EURASIP Journal on Applied Signal Processing},
  volume={2002},
  number={1},
  pages={1021-1038},
  year={2002},
  publisher={Hindawi Publishing Corp.}
}


@book{Platt99,
author = {J. C. Platt},
title = {Fast Training of Support Vector Machines using Sequential Minimal Optimization},  
booktitle = {Advances in Kernel Methods},
publisher = {MIT press},  
year = {1999},
pages= {185-208}
}

@Book{Zar96,
author = {J. H. Zar},
title = {Biostatistical Analysis},  
publisher = {Prentice Hall International},  
place= {London},  
year = {1996},
edition= {3}
}

@inproceedings{hakim2013vonmises,
  title={Statistical Modelling of Complex Emotions using Mixture of von Mises Distributions},
  author={Hakim, Ayesha and Marsland, S. R. and Guesgen, H. W.},
  booktitle={Proc. Humaine Association Conference on Affective Computing and Intelligent Interaction (ACII)},
  year={2013}
}